@inproceedings{garimella2017long,
  title={A long-term analysis of polarization on Twitter},
  author={Garimella, Venkata Rama Kiran and Weber, Ingmar},
  booktitle={Eleventh International AAAI Conference on Web and Social Media},
  year={2017}
}

@inproceedings{chkhartishvili2018binary,
  title={Binary Separation Index for Echo Chamber Effect Measuring},
  author={Chkhartishvili, Alexander and Kozitsin, Ivan},
  booktitle={2018 Eleventh International Conference" Management of large-scale system development"(MLSD},
  pages={1--4},
  year={2018},
  organization={IEEE}
}

@article{yardi2010dynamic,
  title={Dynamic debates: An analysis of group polarization over time on twitter},
  author={Yardi, Sarita and Boyd, Danah},
  journal={Bulletin of science, technology \& society},
  volume={30},
  number={5},
  pages={316--327},
  year={2010},
  publisher={SAGE Publications Sage CA: Los Angeles, CA}
}

@article{bright2018explaining,
  title={Explaining the emergence of political fragmentation on social media: The role of ideology and extremism},
  author={Bright, Jonathan},
  journal={Journal of Computer-Mediated Communication},
  volume={23},
  number={1},
  pages={17--33},
  year={2018},
  publisher={Oxford University Press}
}

@article{barbera2014social,
  title={How social media reduces mass political polarization. Evidence from Germany, Spain, and the US},
  author={Barber{\'a}, Pablo},
  journal={Job Market Paper, New York University},
  volume={46},
  year={2014}
}

@article{garcia2015ideological,
  title={Ideological and temporal components of network polarization in online political participatory media},
  author={Garcia, David and Abisheva, Adiya and Schweighofer, Simon and Serd{\"u}lt, Uwe and Schweitzer, Frank},
  journal={Policy \& internet},
  volume={7},
  number={1},
  pages={46--79},
  year={2015},
  publisher={Wiley Online Library}
}

@inproceedings{morgan2013news,
  title={Is news sharing on Twitter ideologically biased?},
  author={Morgan, Jonathan Scott and Lampe, Cliff and Shafiq, Muhammad Zubair},
  booktitle={Proceedings of the 2013 conference on Computer supported cooperative work},
  pages={887--896},
  year={2013}
}

@inproceedings{gillani2018me,
  title={Me, my echo chamber, and I: introspection on social media polarization},
  author={Gillani, Nabeel and Yuan, Ann and Saveski, Martin and Vosoughi, Soroush and Roy, Deb},
  booktitle={Proceedings of the 2018 World Wide Web Conference},
  pages={823--831},
  year={2018}
}

@inproceedings{garcia2012political,
  title={Political polarization and popularity in online participatory media: an integrated approach},
  author={Garcia, David and Mendez, Fernando and Serd{\"u}lt, Uwe and Schweitzer, Frank},
  booktitle={Proceedings of the first edition workshop on Politics, elections and data},
  pages={3--10},
  year={2012}
}

@article{colleoni2014echo,
  title={Echo chamber or public sphere? Predicting political orientation and measuring political homophily in Twitter using big data},
  author={Colleoni, Elanor and Rozza, Alessandro and Arvidsson, Adam},
  journal={Journal of communication},
  volume={64},
  number={2},
  pages={317--332},
  year={2014},
  publisher={Oxford University Press}
}

@inproceedings{garimella2017reducing,
  title={Reducing controversy by connecting opposing views},
  author={Garimella, Kiran and De Francisci Morales, Gianmarco and Gionis, Aristides and Mathioudakis, Michael},
  booktitle={Proceedings of the Tenth ACM International Conference on Web Search and Data Mining},
  pages={81--90},
  year={2017}
}

@article{himelboim2013tweeting,
  title={Tweeting apart: Applying network analysis to detect selective exposure clusters in Twitter},
  author={Himelboim, Itai and Smith, Marc and Shneiderman, Ben},
  journal={Communication methods and measures},
  volume={7},
  number={3-4},
  pages={195--223},
  year={2013},
  publisher={Taylor \& Francis}
}

@inproceedings{lietz2014politicians,
  title={When politicians talk: Assessing online conversational practices of political parties on twitter},
  author={Lietz, Haiko and Wagner, Claudia and Bleier, Arnim and Strohmaier, Markus},
  booktitle={Eighth International AAAI Conference on Weblogs and Social Media},
  year={2014}
}

@article{sunstein1999law,
  title={The law of group polarization},
  author={Sunstein, Cass R},
  journal={University of Chicago Law School, John M. Olin Law \& Economics Working Paper},
  number={91},
  year={1999}
}